<?xml version="1.0" encoding="UTF-8"?>
<collection xmlns="http://www.loc.gov/MARC21/slim" xmlns:xsi="http://www.w3.org/2001/XMLSchema-instance" xsi:schemaLocation="http://www.loc.gov/standards/marcxml/schema/MARC21slim.xsd">
  <record xmlns="http://www.loc.gov/MARC21/slim">
    <leader>01117cam a2200337zi 4500</leader>
    <controlfield tag="001">BA00044815</controlfield>
    <controlfield tag="003">NII</controlfield>
    <controlfield tag="005">20100309000000.0</controlfield>
    <controlfield tag="008">860131s1983    ja |||||||||||||||||eng|d</controlfield>
    <datafield tag="010" ind1=" " ind2=" ">
      <subfield code="a">   76044157 </subfield>
    </datafield>
    <datafield tag="016" ind1="7" ind2=" ">
      <subfield code="a">BA00044815</subfield>
      <subfield code="2">JP-ToKJK</subfield>
    </datafield>
    <datafield tag="020" ind1=" " ind2=" ">
      <subfield code="a">4770011407(: Japan)</subfield>
      <subfield code="c">1000円</subfield>
    </datafield>
    <datafield tag="020" ind1=" " ind2=" ">
      <subfield code="a">0870116401(: US)</subfield>
    </datafield>
    <datafield tag="040" ind1=" " ind2=" ">
      <subfield code="a">NII</subfield>
    </datafield>
    <datafield tag="041" ind1="0" ind2=" ">
      <subfield code="a">eng</subfield>
    </datafield>
    <datafield tag="050" ind1="1" ind2="4">
      <subfield code="a">PL713.S38</subfield>
    </datafield>
    <datafield tag="082" ind1="1" ind2="4">
      <subfield code="a">895.6/3/1</subfield>
    </datafield>
    <datafield tag="084" ind1=" " ind2=" ">
      <subfield code="a">910.23,</subfield>
      <subfield code="2">NDC8</subfield>
    </datafield>
    <datafield tag="100" ind1="1" ind2=" ">
      <subfield code="a">Seidensticker, Edward, 1921-2007.</subfield>
    </datafield>
    <datafield tag="245" ind1="0" ind2="0">
      <subfield code="a">Genji days / </subfield>
      <subfield code="c">Edward G. Seidensticker.</subfield>
    </datafield>
    <datafield tag="246" ind1="3" ind2="4">
      <subfield code="6">880-01</subfield>
      <subfield code="a">Genji monogatari hon&apos;yaku nikki</subfield>
    </datafield>
    <datafield tag="880" ind1="3" ind2="4">
      <subfield code="6">246-01/$1</subfield>
      <subfield code="a">源氏物語翻訳日記</subfield>
    </datafield>
    <datafield tag="250" ind1=" " ind2=" ">
      <subfield code="a">Paperback ed.</subfield>
    </datafield>
    <datafield tag="260" ind1=" " ind2=" ">
      <subfield code="a">Tokyo ; New York :</subfield>
      <subfield code="b">Kodansha International,</subfield>
      <subfield code="c">1983, c1977.</subfield>
    </datafield>
    <datafield tag="300" ind1=" " ind2=" ">
      <subfield code="a">225 p. ;</subfield>
      <subfield code="c">19 cm.</subfield>
    </datafield>
    <datafield tag="500" ind1=" " ind2=" ">
      <subfield code="a">Japanese title on cover: 源氏物語翻訳日記.</subfield>
    </datafield>
    <datafield tag="600" ind1="1" ind2="0">
      <subfield code="a">Seidensticker, Edward, 1921-</subfield>
    </datafield>
    <datafield tag="600" ind1="1" ind2="0">
      <subfield code="a">Murasaki Shikibu, b. 978? Genji monogatari.</subfield>
    </datafield>
    <datafield tag="650" ind1=" " ind2="0">
      <subfield code="a">Critics -- United States -- Biography.</subfield>
    </datafield>
    <datafield tag="650" ind1=" " ind2="0">
      <subfield code="a">Translators -- United States -- Biography.</subfield>
    </datafield>
    <datafield tag="852" ind1=" " ind2=" ">
      <subfield code="a">JF-Cologne(JKI)(FA020249)</subfield>
      <subfield code="b">@</subfield>
      <subfield code="i"> 935.6||Sei||1 13508</subfield>
    </datafield>
  </record>