
  <record xmlns="http://www.loc.gov/MARC21/slim">
    <leader>01027cam a2200337zi 4500</leader>
    <controlfield tag="001">BA00045206</controlfield>
    <controlfield tag="003">NII</controlfield>
    <controlfield tag="005">19930818000000.0</controlfield>
    <controlfield tag="008">860203s1971    us |||||||||||||||||eng|d</controlfield>
    <datafield tag="010" ind1=" " ind2=" ">
      <subfield code="a">   77138070 </subfield>
    </datafield>
    <datafield tag="016" ind1="7" ind2=" ">
      <subfield code="a">BA00045206</subfield>
      <subfield code="2">JP-ToKJK</subfield>
    </datafield>
    <datafield tag="020" ind1=" " ind2=" ">
      <subfield code="a">0804809674</subfield>
    </datafield>
    <datafield tag="040" ind1=" " ind2=" ">
      <subfield code="a">NII</subfield>
    </datafield>
    <datafield tag="041" ind1="0" ind2=" ">
      <subfield code="a">eng</subfield>
    </datafield>
    <datafield tag="050" ind1="1" ind2="4">
      <subfield code="a">PS1917</subfield>
    </datafield>
    <datafield tag="082" ind1="1" ind2="4">
      <subfield code="a">813/.4</subfield>
    </datafield>
    <datafield tag="245" ind1="0" ind2="0">
      <subfield code="a">Shadowings / </subfield>
      <subfield code="c">by Lafcadio Hearn.</subfield>
    </datafield>
    <datafield tag="246" ind1="3" ind2="3">
      <subfield code="6">880-01</subfield>
      <subfield code="a">Kage</subfield>
    </datafield>
    <datafield tag="880" ind1="3" ind2="3">
      <subfield code="6">246-01/$1</subfield>
      <subfield code="a">影</subfield>
    </datafield>
    <datafield tag="250" ind1=" " ind2=" ">
      <subfield code="a">1st Tuttle ed.</subfield>
    </datafield>
    <datafield tag="260" ind1=" " ind2=" ">
      <subfield code="a">Rutland, Vt. ; Tokyo :</subfield>
      <subfield code="b">C.E. Tuttle,</subfield>
      <subfield code="c">1971.</subfield>
    </datafield>
    <datafield tag="300" ind1=" " ind2=" ">
      <subfield code="a">x, 268 p. :</subfield>
      <subfield code="b">ill.;</subfield>
      <subfield code="c">19 cm.</subfield>
    </datafield>
    <datafield tag="440" ind1=" " ind2="0">
      <subfield code="a">Tut books</subfield>
      <subfield code="n">L</subfield>
    </datafield>
    <datafield tag="500" ind1=" " ind2=" ">
      <subfield code="a">Japanese title on cover: 影.</subfield>
    </datafield>
    <datafield tag="505" ind1="0" ind2="0">
      <subfield code="t">Stories from strange books -- </subfield>
      <subfield code="t">Japanese studies -- </subfield>
      <subfield code="t">Fantasies.</subfield>
    </datafield>
    <datafield tag="650" ind1=" " ind2="0">
      <subfield code="a">Cicada.</subfield>
    </datafield>
    <datafield tag="650" ind1=" " ind2="0">
      <subfield code="a">Names, Personal -- Japanese.</subfield>
    </datafield>
    <datafield tag="650" ind1=" " ind2="0">
      <subfield code="a">Japanese poetry -- Translations into English.</subfield>
    </datafield>
    <datafield tag="650" ind1=" " ind2="0">
      <subfield code="a">English poetry -- Translations from Japanese.</subfield>
    </datafield>
    <datafield tag="700" ind1="1" ind2=" ">
      <subfield code="a">Hearn, Lafcadio, 1850-1904.</subfield>
    </datafield>
    <datafield tag="852" ind1=" " ind2=" ">
      <subfield code="a">JF-Cologne(JKI)(FA020249)</subfield>
      <subfield code="b">@</subfield>
      <subfield code="i"> 934||Hea||2 3720</subfield>
    </datafield>
  </record>
</collection>
